<?xml version="1.0" encoding="UTF-8"?><collection xmlns="http://www.loc.gov/MARC21/slim"><record><leader>00651nam--2200205-i-4500</leader><controlfield tag="001">000029695</controlfield><controlfield tag="002">20161230</controlfield><controlfield tag="005">20161230201037</controlfield><controlfield tag="008">060222s1000------------r-----000-0-eng-d</controlfield><datafield ind1=" " ind2=" " tag="020"><subfield code="a">0851865577</subfield></datafield><datafield ind1=" " ind2=" " tag="040"><subfield code="a">IFIN-HH</subfield></datafield><datafield ind1=" " ind2=" " tag="080"><subfield code="a">538.915:539.27(082.1)</subfield></datafield><datafield ind1="1" ind2=" " tag="100"><subfield code="a">Sutton, L.E</subfield></datafield><datafield ind1="1" ind2="0" tag="245"><subfield code="a">Molecular structure by diffraction methods</subfield><subfield code="b">Volume 6 a review of the recent literature up to september 1977</subfield><subfield code="c">L.e.sutton, m.r.truter (senior reporters)</subfield></datafield><datafield ind1=" " ind2=" " tag="260"><subfield code="a">London</subfield><subfield code="b">The Chemical Society</subfield><subfield code="c">1978</subfield></datafield><datafield ind1=" " ind2=" " tag="300"><subfield code="a">X + 338P</subfield></datafield><datafield ind1=" " ind2=" " tag="490"><subfield code="a">A Specialist Periodical Report</subfield></datafield><datafield ind1="1" ind2=" " tag="700"><subfield code="a">Truter, M.R</subfield></datafield><datafield ind1=" " ind2=" " tag="852"><subfield code="a">49034</subfield><subfield code="c">539.2</subfield></datafield><datafield ind1=" " ind2=" " tag="CAT"><subfield code="a">Sys</subfield><subfield code="c">20121031</subfield><subfield code="h">170713</subfield></datafield></record></collection>